@article{ARTIGO:1,
AUTHOR="Atila V. F. M. de Oliveira, Marcelo A. C. Fernandes",
TITLE="GENETIC ALGORITHM-BASED NAVIGATION STRATEGY FOR MOBILE
TERRESTRIAL ROBOTS",
PUBLISHER=" Simpósio Brasileiro de Automação Inteligente",
YEAR="2013",
}
@article{ARTIGO:2,
AUTHOR="Mohamed Amine Yakoubi, Mohamed Tayeb Laskri",
TITLE="The path planning of cleaner robot for coverage
region using Genetic Algorithms",
PUBLISHER="ScienceDirect",
YEAR="2016",
}